@inproceedings{epp2011identifying,
	title={Identifying emotional states using keystroke dynamics},
	author={Epp, Clayton and Lippold, Michael and Mandryk, Regan L},
	booktitle={Proceedings of the SIGCHI Conference on Human Factors in Computing Systems},
	pages={715--724},
	year={2011},
	organization={ACM}
}

@inproceedings{lu2012stresssense,
	title={Stresssense: Detecting stress in unconstrained acoustic environments using smartphones},
	author={Lu, Hong and Frauendorfer, Denise and Rabbi, Mashfiqui and Mast, Marianne Schmid and Chittaranjan, Gokul T and Campbell, Andrew T and Gatica-Perez, Daniel and Choudhury, Tanzeem},
	booktitle={Proceedings of the 2012 ACM Conference on Ubiquitous Computing},
	pages={351--360},
	year={2012},
	organization={ACM}
}

@inproceedings{wang2014studentlife,
	title={Studentlife: assessing mental health, academic performance and behavioral trends of college students using smartphones},
	author={Wang, Rui and Chen, Fanglin and Chen, Zhenyu and Li, Tianxing and Harari, Gabriella and Tignor, Stefanie and Zhou, Xia and Ben-Zeev, Dror and Campbell, Andrew T},
	booktitle={Proceedings of the 2014 ACM International Joint Conference on Pervasive and Ubiquitous Computing},
	pages={3--14},
	year={2014},
	organization={ACM}
}

@article{hernandez2014under,
	title={Under Pressure: Sensing Stress of Computing Users},
	author={Hernandez, J and Paredes, P and Roseway, A and Czerwinski, M},
	journal={Proc. of Computer and Human Interaction},
	year={2014}
}

@inproceedings{sun2014moustress,
	title={MouStress: detecting stress from mouse motion},
	author={Sun, David and Paredes, Pablo and Canny, John},
	booktitle={Proceedings of the 32nd annual ACM conference on Human factors in computing systems},
	pages={61--70},
	year={2014},
	organization={ACM}
}

@inproceedings{ark1999emotion,
	title={The Emotion Mouse.},
	author={Ark, Wendy S and Dryer, D Christopher and Lu, Davia J},
	booktitle={HCI (1)},
	pages={818--823},
	year={1999}
}

@misc{karpathy,
	title= {Quantifying Productivity},
	author= {Karpathy, Andrej.},
	howpublished=\"url{http://karpathy.github.io/2014/08/03/quantifying-productivity/}",
	year= {2014},
}